<?xml version="1.0" encoding="UTF-8"?>
<record xmlns="http://www.loc.gov/MARC21/slim" xmlns:xsi="http://www.w3.org/2001/XMLSchema-instance" xsi:schemaLocation="http://www.loc.gov/MARC21/slim http://www.loc.gov/standards/marcxml/schema/MARC21slim.xsd">
<leader>     cam a2200313 a 4500</leader>
<controlfield tag="001">002750133</controlfield>
<controlfield tag="003">NNU</controlfield>
<controlfield tag="005">20061010172029.0</controlfield>
<controlfield tag="008">860429r19681907iq            000 0carar</controlfield>
<datafield tag="010" ind1=" " ind2=" ">
<subfield code="a">75961253</subfield>
</datafield>
<datafield tag="020" ind1=" " ind2=" ">
<subfield code="c">£E3.00</subfield>
</datafield>
<datafield tag="035" ind1="9" ind2=" ">
<subfield code="a">NYUb10450001</subfield>
</datafield>
<datafield tag="035" ind1=" " ind2=" ">
<subfield code="a">(CStRLIN)NYUG86-B13372</subfield>
</datafield>
<datafield tag="040" ind1=" " ind2=" ">
<subfield code="c">NN</subfield>
<subfield code="d">NN</subfield>
<subfield code="d">NNU</subfield>
</datafield>
<datafield tag="043" ind1=" " ind2=" ">
<subfield code="a">f-ua---</subfield>
</datafield>
<datafield tag="050" ind1="0" ind2=" ">
<subfield code="a">DT142.A2</subfield>
<subfield code="b">I23</subfield>
</datafield>
<datafield tag="066" ind1=" " ind2=" ">
<subfield code="c">(3</subfield>
</datafield>
<datafield tag="090" ind1=" " ind2=" ">
<subfield code="a">DT142.A2</subfield>
<subfield code="b">I23 1968</subfield>
</datafield>
<datafield tag="100" ind1="1" ind2=" ">
<subfield code="6">880-01</subfield>
<subfield code="a">Ibn al-Zayyāt, Muḥammad ibn Muḥammad,</subfield>
<subfield code="d">14th/15th cent.</subfield>
</datafield>
<datafield tag="245" ind1="1" ind2="3">
<subfield code="6">880-02</subfield>
<subfield code="a">al-Kawākib al-sayyārah fī tartīb al-ziyārah /</subfield>
<subfield code="c">taʼlīf Shams al-Dīn Abū ʻAbd Allāh Muḥammad ibn Nāṣir al-Dīn al-Anṣārī al-maʻrūf bi-Ibn al-Zayyāt.</subfield>
</datafield>
<datafield tag="246" ind1="1" ind2=" ">
<subfield code="i">Title on p. [4] of cover:</subfield>
<subfield code="a">Kawakib-us-sayyarah fi tartib-iz-ziyarah</subfield>
</datafield>
<datafield tag="260" ind1=" " ind2=" ">
<subfield code="6">880-03</subfield>
<subfield code="a">Baghdād :</subfield>
<subfield code="b">Maktabat al-Muthanná,</subfield>
<subfield code="c">[1968?]</subfield>
</datafield>
<datafield tag="300" ind1=" " ind2=" ">
<subfield code="a">3, 410 p. ;</subfield>
<subfield code="c">25 cm.</subfield>
</datafield>
<datafield tag="500" ind1=" " ind2=" ">
<subfield code="a">Reprint of the ed. published in Cairo, 1907.</subfield>
</datafield>
<datafield tag="651" ind1=" " ind2="0">
<subfield code="a">Cairo (Egypt)</subfield>
<subfield code="v">Biography</subfield>
<subfield code="v">Early works to 1800.</subfield>
</datafield>
<datafield tag="650" ind1=" " ind2="0">
<subfield code="a">Cemeteries</subfield>
<subfield code="z">Egypt</subfield>
<subfield code="z">Cairo</subfield>
<subfield code="v">Early works to 1800.</subfield>
</datafield>
<datafield tag="880" ind1="1" ind2=" ">
<subfield code="6">100-01/</subfield>
<subfield code="a">ابن الزيات، محمد بن محمد.</subfield>
</datafield>
<datafield tag="880" ind1="1" ind2="2">
<subfield code="6">245-02/</subfield>
<subfield code="a">الكواكب السيارة في ترتيب الزيارة /</subfield>
<subfield code="c">تأليف شمس الدين أبو عبد الله محمد بن ناصر الدين الأنصاري المعروف بابن الزيات</subfield>
</datafield>
<datafield tag="880" ind1=" " ind2=" ">
<subfield code="6">260-03/</subfield>
<subfield code="a">بغداد :</subfield>
<subfield code="b">مكتبة المثنى،</subfield>
<subfield code="c">[1968?]</subfield>
</datafield>
<datafield tag="OWN" ind1=" " ind2=" ">
<subfield code="a">GENERAL</subfield>
</datafield>
<datafield tag="998" ind1=" " ind2=" ">
<subfield code="a">20011024</subfield>
<subfield code="d">19860429</subfield>
<subfield code="d">20011024</subfield>
<subfield code="n">NNU</subfield>
<subfield code="s">1</subfield>
<subfield code="t">c</subfield>
<subfield code="z">e</subfield>
</datafield>
<datafield tag="AVA" ind1=" " ind2=" ">
<subfield code="a">NYU50</subfield>
<subfield code="b">BOBST</subfield>
<subfield code="c">Main Collection</subfield>
<subfield code="d">DT142.A2 I23 1968</subfield>
<subfield code="e">unavailable</subfield>
<subfield code="t">Unavailable</subfield>
<subfield code="f">1</subfield>
<subfield code="g">1</subfield>
<subfield code="h">N</subfield>
<subfield code="i">0</subfield>
<subfield code="j">MAIN</subfield>
<subfield code="k">0</subfield>
</datafield>
</record>
